@inproceedings{black1991,
  author    = {Black, E. and Abney, S. and Flickinger, D. and Gdaniec, C. and Grishman, R. and Harrison, P. and others},
  title     = {A Procedure for Quantitatively Comparing the Syntactic Coverage of English Grammars},
  booktitle = {Proceedings of the Workshop on Speech and Natural Language},
  pages     = {306--311},
  year      = {1991}
}

@inproceedings{charniak2005,
  author    = {Charniak, Eugene and Johnson, Mark},
  title     = {Coarse-to-fine n-best parsing and MaxEnt discriminative reranking},
  booktitle = {Proceedings of the 43rd Annual Meeting of the Association for Computational Linguistics},
  address   = {Ann Arbor, MI},
  pages     = {173--180},
  year      = {2005}
}
